<?xml version="1.0" encoding="UTF-8" ?><marc:collection xmlns:marc="http://www.loc.gov/MARC21/slim" xmlns:xsi="http://www.w3.org/2001/XMLSchema-instance" xsi:schemaLocation="http://www.loc.gov/MARC21/slim http://www.loc.gov/standards/marcxml/schema/MARC21slim.xsd">
<marc:record><marc:leader>03210cam a2200373Ii 4500</marc:leader>
<marc:controlfield tag="001">b12466256</marc:controlfield>
<marc:controlfield tag="003">UaCaAUL</marc:controlfield><marc:controlfield tag="005">20190618102245.0</marc:controlfield><marc:controlfield tag="008">000413s1927    ua            000 0 ara d</marc:controlfield><marc:datafield tag="035" ind1=" " ind2=" "><marc:subfield code="a">(OCoLC)60506409</marc:subfield></marc:datafield><marc:datafield tag="040" ind1=" " ind2=" "><marc:subfield code="a">MEAUC</marc:subfield><marc:subfield code="b">eng</marc:subfield><marc:subfield code="e">rda</marc:subfield><marc:subfield code="c">MEAUC</marc:subfield><marc:subfield code="d">OCLCF</marc:subfield><marc:subfield code="d">OCLCO</marc:subfield><marc:subfield code="d">OCLCQ</marc:subfield></marc:datafield><marc:datafield tag="049" ind1=" " ind2=" "><marc:subfield code="a">MAIN</marc:subfield></marc:datafield><marc:datafield tag="050" ind1=" " ind2="4"><marc:subfield code="a">PJ7601</marc:subfield><marc:subfield code="b">.M9x 1927</marc:subfield></marc:datafield><marc:datafield tag="066" ind1=" " ind2=" "><marc:subfield code="c">(3</marc:subfield></marc:datafield><marc:datafield tag="090" ind1=" " ind2=" "><marc:subfield code="a">PJ7601</marc:subfield><marc:subfield code="b">.M9x 1927</marc:subfield></marc:datafield><marc:datafield tag="245" ind1="0" ind2="0"><marc:subfield code="6">880-01</marc:subfield><marc:subfield code="a">Majmūʻ al-mutūn al-kabīr al-mushtamil ʻalá 63 matnan : min muhimmāt al-mutūn al-mustaʻmalah fī ahamm ghālib al-funūn jamaʻnāhu li-shiddat iḥtiyāj al-ṭālib ilayhi wa-ḍabaṭnāhu li-yusahhil ḥifẓahu ʻalayihi rājīna an yaʻum nafʻahu al-ikhwān wa-yaʻūd la-nā al-thawāb ʻalá madá al-azmān wa-mā-tawfīqunā illā billāh ʻalayhi tawakkalnā wa-ilayhi anabnā.</marc:subfield></marc:datafield><marc:datafield tag="264" ind1=" " ind2="1"><marc:subfield code="6">880-02</marc:subfield><marc:subfield code="a">Miṣr :</marc:subfield><marc:subfield code="b">yuṭlab min Maktabat wa-Maṭbaʻat Muḥammad ʻAlī Ṣubayḥ wa-Awlāduhu bi-Maydān al-Azhar bi-Miṣr,</marc:subfield><marc:subfield code="c">1346 Hijrīyah [1927 or 1928]</marc:subfield></marc:datafield><marc:datafield tag="300" ind1=" " ind2=" "><marc:subfield code="a">636, 3 pages ;</marc:subfield><marc:subfield code="c">20 cm.</marc:subfield></marc:datafield><marc:datafield tag="336" ind1=" " ind2=" "><marc:subfield code="a">text</marc:subfield><marc:subfield code="b">txt</marc:subfield><marc:subfield code="2">rdacontent.</marc:subfield></marc:datafield><marc:datafield tag="337" ind1=" " ind2=" "><marc:subfield code="a">unmediated</marc:subfield><marc:subfield code="b">n</marc:subfield><marc:subfield code="2">rdamedia.</marc:subfield></marc:datafield><marc:datafield tag="338" ind1=" " ind2=" "><marc:subfield code="a">volume</marc:subfield><marc:subfield code="b">nc</marc:subfield><marc:subfield code="2">rdacarrier.</marc:subfield></marc:datafield><marc:datafield tag="500" ind1=" " ind2=" "><marc:subfield code="6">880-03</marc:subfield><marc:subfield code="a">&quot;Tamma ṭabʻahu fī yawm al-Jumʻah al-muwāfiq lil-thalāthīn min Rajab al-fard min sanat 1347 Hijrīyah ʻalá ṣāḥibihā afḍal al-ṣalātu wa-atamma al-taḥīyah&quot;--Colophon.</marc:subfield></marc:datafield><marc:datafield tag="500" ind1=" " ind2=" "><marc:subfield code="6">880-04</marc:subfield><marc:subfield code="a">Tanbīh: Wa-li-ajl tamām al-nafʻ waḍaʻnā fī hādhā al-majmūʻ ziyādat baʻḍ mutūn wa-hiya ḍābiṭ maʻrifat Maṭāliʻ al-waqt wa-Maṭāliʻ al-shurūq wa-al-ghurūb wa-al-Muʻallaqāt al-sabʻ wa-Lāmīyat al-ʻArab lil-Shanfarī wa-Ighāthat al-malhūf fī makhārij al-ḥurūf.</marc:subfield></marc:datafield><marc:datafield tag="500" ind1=" " ind2=" "><marc:subfield code="a">Decorated title page.</marc:subfield></marc:datafield><marc:datafield tag="650" ind1=" " ind2="0"><marc:subfield code="a">Arabic literature.</marc:subfield></marc:datafield><marc:datafield tag="650" ind1=" " ind2="0"><marc:subfield code="a">Islamic literature, Arabic.</marc:subfield></marc:datafield><marc:datafield tag="880" ind1=" " ind2="1"><marc:subfield code="6">264-02/(3/r</marc:subfield><marc:subfield code="a">مصر :‪</marc:subfield><marc:subfield code="b">يطلب من مكتبة ومطبعة محمد علي صبيح وولاده بميدان الأزهر بمصر،‪</marc:subfield><marc:subfield code="c">1346 هجرية [1927 أو 1928]</marc:subfield></marc:datafield><marc:datafield tag="880" ind1="0" ind2="0"><marc:subfield code="6">245-01/(3/r</marc:subfield><marc:subfield code="a">مجموع المتون الكبير المشتمل على 63 متنا : من مهمات المتون المستعملة في أهم غالب الفنون جمعناه لشدة احتياج الطالب اليه وضبطناه ليسهل حفظه عليه راجين أن يعم نفعه الاخوان ويعود لنا الثواب على مدى الازمان وماتوفيقنا الا بالله عليه توكلنا واليه أنبنا..</marc:subfield></marc:datafield><marc:datafield tag="880" ind1=" " ind2=" "><marc:subfield code="6">500-03/(3/r</marc:subfield><marc:subfield code="a">&quot;تم طبعه في يوم الجمعة الموافق للثلاثين من رجب الفرد من سنة 1347 هجرية على صاحبها افضل الصلاةه وأتم التحية&quot;Colophon.</marc:subfield></marc:datafield><marc:datafield tag="880" ind1=" " ind2=" "><marc:subfield code="6">500-04/(3/r</marc:subfield><marc:subfield code="a">تنبيه: ولاجل تمام النفع وضعنا في هذه المجموع زيادة بعض متون وهي ضابط معرفة مطالع الوقت ومطالع الشروق والغروب والمعلقات السبع ولامية العرب للشنفري واغاثة الملهوف في مخارج الحروف..</marc:subfield></marc:datafield><marc:datafield tag="907" ind1=" " ind2=" "><marc:subfield code="a">.b12466256</marc:subfield><marc:subfield code="b">main </marc:subfield></marc:datafield><marc:datafield tag="902" ind1=" " ind2=" "><marc:subfield code="a">191013</marc:subfield></marc:datafield><marc:datafield tag="998" ind1=" " ind2=" "><marc:subfield code="b">1</marc:subfield><marc:subfield code="c">000625</marc:subfield><marc:subfield code="d">m</marc:subfield><marc:subfield code="e">~</marc:subfield><marc:subfield code="f">-</marc:subfield><marc:subfield code="g">0</marc:subfield><marc:subfield code="k">TA</marc:subfield></marc:datafield><marc:datafield tag="945" ind1=" " ind2=" "><marc:subfield code="l">main </marc:subfield></marc:datafield></marc:record>
</marc:collection>
